@unpublished{GinsLe-RCarr2009,
	Author = {{G}insbourger, David and {L}e Riche, Rodolphe and Carraro, Laurent},
	Note = {HAL: hal-00260579},
	Title = {A Multi-points Criterion for Deterministic Parallel Global Optimization based on {G}aussian Processes},
	Year = {2009}}

@article{VeigWahlGamb2009,
	Author = {S. {D}a Veiga and F. Wahl and F. Gamboa},
	Journal = {Technometrics},
	Pages = {452--463},
	Title = {Local Polynomial Estimation for Sensitivity Analysis on Models With Correlated Inputs},
	Volume = {51},
	Year = {2009}}

@article{MarrIoosLaurRous2009,
	Author = {A. Marrel and B. Iooss and B. Laurent and O. Roustant},
	Journal = {Reliability Engineering \& System Safety},
	Pages = {742--751},
	Title = {Calculations of Sobol Indices for the Gaussian Process Metamodel},
	Volume = {94},
	Year = {2009}}

@article{StorSwilHeltSall2009,
	Author = {Curtis B. Storlie and Laura P. Swiler and Jon C. Helton and Cedric J. Sallaberry},
	Journal = {Reliability Engineering \& System Safety},
	Pages = {1735--1763},
	Title = {Implementation and Evaluation of Nonparametric Regression Procedures for Sensitivity Analysis of Computationally Demanding Models},
	Volume = {94},
	Year = {2009}}

@article{StorHelt2008,
	Author = {Curtis B. Storlie and Jon C. Helton},
	Journal = {Reliability Engineering \& System Safety},
	Pages = {28--54},
	Title = {Multiple Predictor Smoothing Methods for Sensitivity Analysis: Description of Techniques},
	Volume = {93},
	Year = {2008}}



@incollection{SchoWelcJone1998,
author={M. Schonlau and Jones, D.R. and Welch, W.J.},
title = {Global versus local search in constrained optimization of computer models},
year={1998},
booktitle={New Developments and applications in experimental design},
pages={11--25},
series={IMS Lecture Notes - Monograph Series},
number={34},
publisher={IMS}
}


@article{RommShoe2007,
 author = {Rommel G. Regis and Christine A. Shoemaker},
 title = {Improved Strategies for Radial basis Function Methods for Global Optimization},
 journal = {J. of Global Optimization},
 volume = {37},
 number = {1},
 year = {2007},
 issn = {0925-5001},
 pages = {113--135},
 doi = {http://dx.doi.org/10.1007/s10898-006-9040-1},
 publisher = {Kluwer Academic Publishers},
 address = {Hingham, MA, USA},
 }

@article{JoneSchoWelc1998,
 author={Jones, D.R. and Schonlau, M. and Welch, W.J},
 title={Efficient Global Optimization of Expensive Black-Box Functions},
 journal={Journal of Global Optimization},
 volume={13},
 year={1998},
 pages={455--492}
}
 
@article{SaltTara2002,
author={A. Saltelli and S. Tarantola},
title={On the relative importance of input factors in mathematical models: safety assessment for nuclear waste disposal},
year={2002},
journal={Journal of the American Statistical Association},
volume={97},
pages={702--709}
}

@article{WelcBuckSackWynnMitcMorr1992,
    Author         = {W. J. Welch and R. J. Buck and J. Sacks and H. P. Wynn and T.J Mitchell and M. D. Morris},
    Journal        = {Technometrics},
    Pages          = {15--25},
    Title          = {Screening, predicting, and computer experiment},
    Volume         = {34},
    Year= {1992}
}

@article{OaklOhag2004,
  author = {Oakley, J.E. and O'Hagan, A.},
  title = {Probabilistic sensitivity analysis of complex models: a {B}ayesian approach},
  journal = {Journal of the Royal Statistical Society Series B},
  year = {2004},
  volume = {66},
  pages = {751--769}
}

@article{Sobo1993,
  author={I. M. Sobol'},
  year={1993}, 
  title={ Sensitivity Analysis for nonlinear mathematical models},
  journal={Mathematical Modeling and Computational Experiment},
  volume={1},
  pages={407--414}
}

@article{HommSalt1996,
author={T. Homma and A. Saltelli},
title={Importance measures in global sensitivity analysis of nonlinear models},
journal={Reliability engineering and system safety},
year={1996},
volume={52},
pages={1--17}
}

@book{SaltChanScot2000,
  editor={Saltelli, A. and Chan, K. and Scott, E.M.},
  title={Sensitivity {A}nalysis},
  year={2000},
  publisher={John Wiley and Sons}
}

@article{MorrKottTaddFurfGana2008,
author={R. D. Morris and A. Kottas and M. Taddy and R. Furfaro and B. Ganapol},
title={A statistical framework for the sensitivity analysis of radiative transfer models},
year={To appear},
journal={IEEE Transactions on Geoscience and Remote Sensing}
}


@article{TaddLeeGrayGrif2009,
	Author = {Matthew  A. Taddy and Herbert K. H. Lee and Genetha A. Gray and Joshua D. Griffin},
	Journal = {Technometrics},
	Pages = {389--401},
	Title = {Bayesian Guided Pattern Search for Robust Local Optimization},
	Volume = 51,
	Year = 2009}

@Book{SaltEtAl2008,
  author = 	 {A. Saltelli and M. Ratto and T. Andres and
                  F. Campolongo and J. Cariboni and D. Gatelli and
                  M. Saisana and S. Tarantola},
  title = 	 {Global Sensitivity Analysis: The Primer},
  publisher = 	 {John Wiley \& Sons},
  year = 	 2008}


@article{Salt2002,
  author={Andrea Saltelli},
  title={Making best use of model evaluations to compute sensitivity indices},
  journal={Computer Physics Communications},
  year={2002},
  volume={145},
  pages={280--297}
}


@INPROCEEDINGS{cohn:1996,
    Author         = {D. A. Cohn},
    Booktitle      = {Advances in Neural Information Processing Systems},
    Editor         = {Jack D. Cowan and Gerald Tesauro and Joshua Alspector},
    Journal        = {Neural Network},
      Pages          = {679--686},
    Publisher      = {Morgan Kaufmann Publishers},
    Title          = {Neural Network Exploration Using Optimal Experimental Design},
    Volume         = {6(9)},
    Year           = {1996}
}

@ARTICLE{math:1963,
    Author         = {G. Matheron},
    Journal        = {Economic Geology},
    Pages          = {1246-1266},
    Title          = {Principles of geostatistics},
    Volume         = {58},
    Year           = {1963}
}

@ARTICLE{chip:geor:mccu:1998,
    Author         = {Chipman, H. A. and George, E. I. and McCulloch, R. E.},
    Journal        = {Journal of the American Statistical Association},
    Pages          = {935--960},
    Title          = {{B}ayesian {CART} Model Search (with discussion)},
    Volume         = {93},
    Year           = {1998}
}

@BOOK{cressie:1991,
    Author         = {N.A. Cressie},
    Publisher      = {John Wiley and Sons, Inc.},
    Title          = {Statistics for Spatial Data},
    Year           = {1991}
}

@TECHREPORT{neal:1997,
  author = {R. Neal},
  title = {Monte Carlo implementation of {G}aussian process models for {B}ayesian regression and classification"},
  Institution = {Dept. of Computer Science, University of Toronto.},
  year = "1997",
  number = "CRG--TR--97--2"
}

@BOOK{brei:1984,
    Address        = {Belmont, CA},
    Author         = {Breiman, L. and Friedman, J. H. and Olshen, R. and Stone, C.},
    Publisher      = {Wadsworth},
    Title          = {Classification and Regression Trees},
    Year           = {1984}
}

@BOOK{sant:will:notz:2003,
    Address        = {New York, NY},
    Author         = {Santner, T. J. and Williams, B. J. and Notz, William I.},
    Publisher      = {Springer-Verlag},
    Title          = {The Design and Analysis of Computer Experiments},
    Year           = {2003}
}

@ARTICLE{chaloner:1995,
    Author         = {K. Chaloner and I. Verdinelli},
    Journal        = {Statistical Science},
    Pages          = {273-1304},
    Title          = {Bayesian Experimental Design, A Review},
    Volume         = {10 No. 3},
    Year           = {1995}
}


@Misc{fields:2004,
  author = 	 {{Fields Development Team}},
  title = 	 {fields: {T}ools for Spatial Data},
  howpublished = {National {C}enter for {A}tmospheric {R}esearch, {B}oulder CO},
  year = 	 2004,
  note = 	 {URL: http://www.cgd.ucar.edu/Software/Fields}
}

@ARTICLE{mackay:1992,
    Author         = {D. J. C. MacKay},
    Journal        = {Neural Computation},
    Number         = {4},
    Pages          = {589--603},
    Title          = {Information--based Objective Functions for Active Data Selection},
    Volume         = {4},
    Year           = {1992}
}

@INPROCEEDINGS{seo00,
    Author         = {S. Seo and M. Wallat and T. Graepel and K. Obermayer},
    Booktitle      = {Proceedings of the International Joint Conference on Neural Networks},
    Month          = {July},
    Pages          = {241--246},
    Publisher      = {IEEE},
    Title          = {Gaussian Process Regression: Active Data Selection and Test Point Rejection},
    Volume         = {III},
    Year           = {2000}
}

@ARTICLE{chip:geor:mccu:2002,
    Author         = {Chipman, H. A. and George, E. I. and McCulloch, R. E.},
    Journal        = {Machine Learning},
    Pages          = {303--324},
    Title          = {Bayesian Treed Models},
    Volume         = {48},
    Year           = {2002}
}

@Manual{cran:R,
     title        = {R: A Language and Environment for
                     Statistical Computing},
     author       = {{R Development Core Team}},
     organization = {R Foundation for Statistical Computing},
     address      = {Vienna, Austria},
     year         = 2004,
     note         = {ISBN 3-900051-00-3},
     url          = {http://www.R-project.org}
   }

@book{dey:1998,
 author = {Dipak Dey and Peter M\"{u}eller and Debajyoti Sinha},
 title = {Practical Nonparametric and Semiparametric {B}ayesian Statistics},
 year = {1998},
 isbn = {0387985174},
 publisher = {Springer-Verlag New York, Inc.},
 address = {New York, NY, USA},
 }


@INPROCEEDINGS{rasm:ghah:nips:2002,
    Author         = {Rasmussen, C.E. and Ghahramani, Z.},
    Booktitle      = {Advances in Neural Information Processing Systems},
    Publisher      = {MIT Press},
    Title          = {Infinite Mixtures of {G}aussian Process Experts},
    Volume         = {14},
    Pages	   = {881--888},
    Year           = {2002}
}

@ARTICLE{silv:1985,
    Author         = {Silverman, B. W.},
    Journal        = {Journal of the Royal Statistical Society Series B},
    Pages          = {1--52},
    Title          = {Some Aspects of the Spline Smoothing Approach to Non-Parametric Curve Fitting},
    Volume         = {47},
    Year           = {1985}
}

@ARTICLE{freid:1991,
    Author         = {J. H. Friedman},
    Journal        = {Annals of Statistics},
    Pages          = {1--67},
    Title          = {Multivariate Adaptive Regression Splines},
    Volume         = {19, No. 1},
    Month	   = {March},
    Year           = {1991}
}

@INPROCEEDINGS{glm:04,
	author = {R. B. Gramacy and Herbert K. H. Lee and William Macready},
	title = {Parameter Space Exploration With {G}aussian Process Trees},
	booktitle = {ICML},
	pages = {353-360},
	year = {2004},
	publisher = {Omnipress \& ACM Digital Library},
	url = {http://whisper.cse.ucsc.edu/~rbgramacy/papers/gra2004-02.pdf}
}

@article{harrison:78,
   author    = {Harrison, D. and Rubinfeld, D. L.},
   title     = {{Hedonic Housing Prices and the Demand for Clean Air}},
   journal   = {Journal of Environmental Economics and Management},
   year      = {1978},
   volume    = {5},
   pages     = {81-102}
}


@UNPUBLISHED{atlas-hp,
TITLE = "{\tt ATLAS} ({A}utomatically {T}uned {L}inear {A}lgebra {S}oftware)",
AUTHOR = "R. Clint Whaley and Antoine Petitet",
PUBLISHER = "{See homepage for details}",
NOTE   = "http://math-atlas.sourceforge.net/",
YEAR = 2004
}

@ARTICLE{jones:schonlau:welch:1998,
    Author         = {Jones, D.R. and M. Schonlau and W. J. Welch},
    Journal        = {Journal of Global Optimization},
    Pages          = {455--492},
    Title          = {Efficient Global Optimization of Expensive Black Box Functions},
    Volume         = {13},
    Year           = {1998}
}

@Article{gra:lee:2008,
      Author = {Robert B. Gramacy and Herbert K. H. Lee},
      Title = {Bayesian treed {G}aussian process models with an application to computer modeling},
      Year = 2008,
      journal = {Journal of the American Statistical Association},
      volume = 103,
        Pages = {1119--1130},
      url={http://arxiv.org/abs/0710.4536}
      }

@TECHREPORT{gra:lee:2009,
     Author = {Robert B. Gramacy and Herbert K H. Lee},
     Institution = {ArXiV},
     Title = {Adaptive Design and Analysis of Supercomputer Experiments},
     Year = 2009,
     number = {0805.4359},
     url = {http://arxiv.org/abs/0805.4359},
     note = {to appear in Technometrics}
}


@PhDThesis{Paci:2003,
Author={Paciorek, C.J.},
Title={Nonstationary {G}aussian Processes for Regression and Spatial Modelling},
Year=2003,
Department={Department of Statistics},
School={Carnegie Mellon University},
Address={Pittsburgh, Pennsylvania}
}


@BOOK{stein:1999,
    Address        = {New York, NY},
    Author         = {Michail L. Stein},
    Publisher      = {Springer},
    Title          = {Interpolation of Spatial Data},
    Year           = {1999}
}


@BOOK{abramowitz:stegun:1964,
  author =       "Milton Abramowitz and Irene A. Stegun",
  title =        "Handbook of Mathematical Functions with
                  Formulas, Graphs, and Mathematical Tables",
  publisher =    "Dover",
  year =         1964,
  address =      "New York",
  edition =      "9th Dover printing, 10th GPO printing--",
  isbn =         "0-486-61272-4"
}

@ARTICLE{dam:samp:gutt:2001,
    Author         = {Doris Damian and Paul D. Sampson and Peter Guttorp},
    Journal        = {Environmetrics},
    Pages          = {161-178},
    Title          = {Bayesian Estimation of Semiparametric Nonstationary Spatial Covariance Structure},
    Volume         = {12},
    Year           = {2001}
}

@ARTICLE{schmidt:2003,
    Author         = {Alexandra Mello Schmidt and Anthony O'Hagan},
    Journal        = {Journal of the Royal Statistical Society, Series B},
    Title          = {Bayesian Inference for Nonstationary Spatial Covariance Structure via Spatial Deformations},
    Volume         = {65},
    Pages          = {745--758},
    Year           = {2003}
}

@INCOLLECTION{higd:swal:kern:1999,
    Author         = {Higdon, Dave and Swall, Jenise and Kern, John},
    Booktitle      = {Bayesian Statistics 6},
    Editor         = {Bernardo, J. M and Berger, J. O. and Dawid, A. P. and Smith, A. F. M.},
    Pages          = {761--768},
    Publisher      = {Oxford University Press},
    Title          = {Non-Stationary Spatial Modeling},
    Year           = {1999}
}

@TechReport{fuentes:smith:2001,
  author = 	 {Montserrat Fuentes and Richard L. Smith},
  title = 	 {A New Class of Nonstationary Spatial Models},
  institution =  {North Carolina State University, Raleigh, NC},
  year = 	 2001
}

@article{Gramacy:2007,
  author =	"Robert B. Gramacy",
  title =	"{\tt tgp}: An {{\sf R}} Package for {B}ayesian Nonstationary, Semiparametric Nonlinear Regression and Design by Treed Gaussian Process Models",
  journal =	"Journal of Statistical Software",
  volume =	"19",
  number =	"9",
  day =  	"13",
  month =	"6",
  year = 	"2007",
  CODEN =	"JSSOBK",
  ISSN = 	"1548-7660",
  bibdate =	"2007-06-13",
  URL =  	"http://www.jstatsoft.org/v19/i09",
  accepted =	"2007-06-13",
  submitted =	"2006-07-12",
}

@Article{gra:lee:2008b,
  author =       {Robert B. Gramacy and Herbert K. H. Lee},
  title =        {Gaussian Processes and Limiting Linear Models},
  journal =      {Computational Statistics and Data Analysis},
  volume =       53,   
  pages =        {123--136},
  year =         2008
}


@Book{liu:2001,
  author =	 {Liu, J. S.},
  title = 	 {Monte {C}arlo Strategies in Scientific Computing},
  publisher = 	 {Springer},
  year = 	 2001,
  address =      {New York}
}

@Article{geyer:1995,
  author = 	 {Geyer, C.J. and Thompson, E.A.},
  title = 	 {Annealing {M}arkov chain {M}onte {C}arlo with applications to ancenstral inference},
  journal = 	 {Journal of the American Statistical Association},
  year = 	 1995,
  volume =	 90,
  pages =	 {909--920}
}


@InProceedings{geyer:1991,
  author = 	 {Geyer, C.J.},
  title = 	 {Markov chain {M}onte {C}arlo Maximum Likelihood},
  booktitle =	 {Computing Science and Statistics: Proceedings of the 23rd Symposium on the Interface},
  pages =	 {156--163},
  year =	 1991
}

@ARTICLE{hast:1970,
    Author         = {Hastings, W.K.},
    Journal        = {Biometrika},
    Pages          = {97--109},
    Title          = {Monte {C}arlo Sampling Methods using {M}arkov Chains and their Applications},
    Volume         = {57},
    Year           = {1970}
}

@ARTICLE{met:1953,
    Author         = {Metropolis, N. and Rosenbluth, A.W. and Rosenbluth, M.N. and Teller, A.H. and Teller, R.},
    Journal        = {Journal of Chemical Physics},
    Pages          = {1087--1091},
    Title          = {Equations of State Calculations by Fast Computing Machine},
    Volume         = {21},
    Year           = {1953}
}

@ARTICLE{geman:1984,
    Author         = {Geman, S. and Geman, D.},
    Journal        = {IEEE Transactions on Pattern Analysis and Machine Intelligence},
    Pages          = {721--741},
    Title          = {Stochastic Relaxation, {G}ibbs Distributions and the {B}ayesian Restoration of Images},
    Volume         = {6},
    Year           = {1984}
}

@Article{neal:2001,
  author = 	 {Radford M. Neal},
  title = 	 {Annealed Importance Sampling},
  journal = 	 {Statistics and Computing},
  year = 	 2001,
  volume =	 11,
  pages =	 {125--129}
}

@Article{neal:1996,
  author = 	 {Radford M. Neal},
  title = 	 {Sampling from multimodal distributions using tempered transition},
  journal = 	 {Statistics and Computing},
  year = 	 1996,
  volume =	 6,
  pages =	 {353--366}
}

@InProceedings{veach:1995,
  author = 	 {Veach, Eric and Guibas, Leonidas J.},
  title = 	 {Optimally combining sampling techniques for Monte Carlo rendering},
  booktitle =	 {SIGGRAPH '95 Conference Proceedings},
  pages =	 {419--428},
  year =	 1995,
  address =	 {Reading, MA},
  publisher =	 {Addison--Wesley}
}

@TechReport{douc:etal:2007,
  author = 	 {R. Douc and A. Guillin and J.-M. Marin and C.P. Robert},
  title = 	 {Minimum Variance Importance Sampling via Population Monte Carlo},
  institution =  {CEREMADE, Universit\'{e} Paris Dauphine, and CREST, INSEE, Paris},
  year = 	 2007,
  url = {http://www.ceremade.dauphine.fr/~xian/dgmr05.pdf}
}

@Article{owen:2000,
  author = 	 {Owen, Art and Zhou, Yi},
  title = 	 {Safe and Effective Importance Sampling},
  journal = 	 {Journal of the American Statstical Association},
  year = 	 2000,
  volume = 	 95,
  number = 	 449,
  pages = 	 {135--143},
  month = 	 {March}}

@Article{kass:1998,
  author = 	 {Robert E. Kass and Bradley P. Carlin and Andrew Gelman and Radford M. Neal},
  title = 	 {Markov Chain Monte Carlo in Practice: A Roundtable Discussion},
  journal = 	 {The American Statistician},
  year = 	 1998,
  volume =	 52,
  number =	 2,
  pages =	 {93--100},
  month =	 {May}
}

@Article{jennison:1993,
  author = 	 {Jennison, C.},
  title = 	 {Discussion on the meeting on the Gibbs sampler and other {M}arkov chain {M}onte {C}arlo methods},
  journal = 	 {Journal of the Royal Statistical Society, Series B},
  year = 	 1993,
  volume =	 55,
  pages =	 {54--56}
}


@TechReport{gra:samw:king:2009,
  author = 	 {Robert B. Gramacy and Richard J. Samworth and Ruth King},
  title = 	 {Importance tempering},
  institution =  {ArXiv},
  year = 	 2009,
  number = 	 {0707.4242},
  url = {http://arxiv.org/abs/0707.4242},
  note = {to appear in Statistics and Computing}
}

@Manual{coda:R,
    title = {coda: Output analysis and diagnostics for MCMC},
    author = {Martyn Plummer and Nicky Best and Kate Cowles and Karen Vines},
    year = {2008},
    note = {R package version 0.13-3},
  }

@Article{qian:wu:wu:2009,
  author = 	 {Z.G. Qian and H. Wu and C.F.J. Wu},
  title = 	 {Gaussian process models for computer experiments with qualitative and quantitative factors},
  journal = 	 {Technometrics},
  year = 	 2009,
  volume = 	 50,
  pages = 	 {383--396}}

