@INPROCEEDINGS{cohn:1996,
    Author         = {D. A. Cohn},
    Booktitle      = {Advances in Neural Information Processing Systems},
    Editor         = {Jack D. Cowan and Gerald Tesauro and Joshua Alspector},
    Journal        = {Neural Network},
      Pages          = {679--686},
    Publisher      = {Morgan Kaufmann Publishers},
    Title          = {Neural network exploration using optimal experimental design},
    Volume         = {6(9)},
    Year           = {1996}
}

@ARTICLE{math:1963,
    Author         = {G. Matheron},
    Journal        = {Economic Geology},
    Pages          = {1246-1266},
    Title          = {Principles of geostatistics},
    Volume         = {58},
    Year           = {1963}
}

@ARTICLE{chip:geor:mccu:1998,
    Author         = {Chipman, H. A. and George, E. I. and McCulloch, R. E.},
    Journal        = {Journal of the American Statistical Association},
    Pages          = {935--960},
    Title          = {{B}ayesian {CART} Model Search (with discussion)},
    Volume         = {93},
    Year           = {1998}
}

@BOOK{cressie:1991,
    Author         = {N.A. Cressie},
    Publisher      = {John Wiley and Sons, Inc.},
    Title          = {Statistics for Spatial Data},
    Year           = {1991}
}

@TECHREPORT{neal:1997,
  author = {R. Neal},
  title = {Monte Carlo implementation of {G}aussian process models for {B}ayesian regression and classification"},
  Institution = {Dept. of Computer Science, University of Toronto.},
  year = "1997",
  number = "CRG--TR--97--2"
}

@BOOK{brei:1984,
    Address        = {Belmont, CA},
    Author         = {Breiman, L. and Friedman, J. H. and Olshen, R. and Stone, C.},
    Publisher      = {Wadsworth},
    Title          = {Classification and Regression Trees},
    Year           = {1984}
}

@BOOK{sant:will:notz:2003,
    Address        = {New York, NY},
    Author         = {Santner, T. J. and Williams, B. J. and Notz, William I.},
    Publisher      = {Springer-Verlag},
    Title          = {The Design and Analysis of Computer Experiments},
    Year           = {2003}
}

@ARTICLE{chaloner:1995,
    Author         = {K. Chaloner and I. Verdinelli},
    Journal        = {Statistical Science},
    Pages          = {273-1304},
    Title          = {Bayesian Experimental Design, A Review},
    Volume         = {10 No. 3},
    Year           = {1995}
}


@Misc{fields:2004,
  author = 	 {{Fields Development Team}},
  title = 	 {fields: {T}ools for spatial data},
  howpublished = {National {C}enter for {A}tmospheric {R}esearch, {B}oulder CO},
  year = 	 2004,
  note = 	 {URL: http://www.cgd.ucar.edu/Software/Fields}
}

@ARTICLE{mackay:1992,
    Author         = {D. J. C. MacKay},
    Journal        = {Neural Computation},
    Number         = {4},
    Pages          = {589--603},
    Title          = {Information-based objective functions for active data selection},
    Volume         = {4},
    Year           = {1992}
}

@INPROCEEDINGS{seo00,
    Author         = {S. Seo and M. Wallat and T. Graepel and K. Obermayer},
    Booktitle      = {Proceedings of the International Joint Conference on Neural Networks},
    Month          = {July},
    Pages          = {241--246},
    Publisher      = {IEEE},
    Title          = {Gaussian Process Regression: Active Data Selection and Test Point Rejection},
    Volume         = {III},
    Year           = {2000}
}

@ARTICLE{chip:geor:mccu:2002,
    Author         = {Chipman, H. A. and George, E. I. and McCulloch, R. E.},
    Journal        = {Machine Learning},
    Pages          = {303--324},
    Title          = {Bayesian Treed Models},
    Volume         = {48},
    Year           = {2002}
}

@Manual{cran:R,
     title        = {R: A language and environment for
                     statistical computing},
     author       = {{R Development Core Team}},
     organization = {R Foundation for Statistical Computing},
     address      = {Vienna, Austria},
     year         = 2004,
     note         = {ISBN 3-900051-00-3},
     url          = {http://www.R-project.org}
   }

@book{dey:1998,
 author = {Dipak Dey and Peter M\"{u}eller and Debajyoti Sinha},
 title = {Practical nonparametric and semiparametric {B}ayesian statistics},
 year = {1998},
 isbn = {0387985174},
 publisher = {Springer-Verlag New York, Inc.},
 address = {New York, NY, USA},
 }

@PhdThesis{gramacy:thesis:2005,
  author = 	 {R. B. Gramacy},
  title = 	 {Bayesian Treed Gaussian Process Models},
  school = 	 {University of California},
  year = 	 2005,
  address = 	 {Santa Cruz, CA 95060},
  month = 	 {December},
  note = 	 {Department of Applied Math \& Statistics}
}

@INPROCEEDINGS{rasm:ghah:nips:2002,
    Author         = {Rasmussen, C.E. and Ghahramani, Z.},
    Booktitle      = {Advances in Neural Information Processing Systems},
    Publisher      = {MIT Press},
    Title          = {Infinite mixtures of {G}aussian process experts},
    Volume         = {14},
    Pages	   = {881--888},
    Year           = {2002}
}

@ARTICLE{silv:1985,
    Author         = {Silverman, B. W.},
    Journal        = {Journal of the Royal Statistical Society Series B},
    Pages          = {1--52},
    Title          = {Some Aspects of the Spline Smoothing Approach to Non-Parametric Curve Fitting},
    Volume         = {47},
    Year           = {1985}
}

@ARTICLE{freid:1991,
    Author         = {J. H. Friedman},
    Journal        = {Annals of Statistics},
    Pages          = {1--67},
    Title          = {Multivariate Adaptive Regression Splines},
    Volume         = {19, No. 1},
    Month	   = {March},
    Year           = {1991}
}

@INPROCEEDINGS{glm:04,
	author = {R. B. Gramacy and Herbert K. H. Lee and William Macready},
	title = {Parameter Space Exploration With {G}aussian Process Trees},
	booktitle = {ICML},
	pages = {353-360},
	year = {2004},
	publisher = {Omnipress \& ACM Digital Library},
	url = {http://whisper.cse.ucsc.edu/~rbgramacy/papers/gra2004-02.pdf}
}

@TECHREPORT{gra2005:gpllm,
      Author = {Robert B. Gramacy and Herbert K H. Lee},
      Institution = {Dept. of Applied math \& Statistics, University of California, Santa Cruz},
      Title = {Gaussian Processes and Limiting Linear Models},
      Year = {2005},
      url = {http://whisper.cse.ucsc.edu/~rbgramacy/papers/gra2005-01.pdf}
      }

@article{harrison:78,
   author    = {Harrison, D. and Rubinfeld, D. L.},
   title     = {{Hedonic housing prices and the demand for clean air}},
   journal   = {Journal of Environmental Economics and Management},
   year      = {1978},
   volume    = {5},
   pages     = {81-102}
}
